<?xml version="1.0" encoding="UTF-8"?><record xmlns="http://www.loc.gov/MARC21/slim" xmlns:cinclude="http://apache.org/cocoon/include/1.0" xmlns:zs="http://www.loc.gov/zing/srw/">
  <leader>01293cz  a2200265n  4500</leader>
  <controlfield tag="001">n  84183148 </controlfield>
  <controlfield tag="003">DLC</controlfield>
  <controlfield tag="005">20131106073807.0</controlfield>
  <controlfield tag="008">841214n| azannaabn          |a aaa      </controlfield>
  <datafield tag="010" ind1=" " ind2=" ">
    <subfield code="a">n  84183148 </subfield>
  </datafield>
  <datafield tag="035" ind1=" " ind2=" ">
    <subfield code="a">(OCoLC)oca01238458</subfield>
  </datafield>
  <datafield tag="040" ind1=" " ind2=" ">
    <subfield code="a">DLC</subfield>
    <subfield code="b">eng</subfield>
    <subfield code="e">rda</subfield>
    <subfield code="c">DLC</subfield>
    <subfield code="d">OCoLC</subfield>
    <subfield code="d">DLC</subfield>
    <subfield code="d">PSt</subfield>
  </datafield>
  <datafield tag="046" ind1=" " ind2=" ">
    <subfield code="f">19560703</subfield>
  </datafield>
  <datafield tag="100" ind1="1" ind2=" ">
    <subfield code="a">Gordon Nembhard, Jessica,</subfield>
    <subfield code="d">1956-</subfield>
  </datafield>
  <datafield tag="370" ind1=" " ind2=" ">
    <subfield code="a">New York, N.Y.</subfield>
    <subfield code="e">Belmopan, Belize</subfield>
  </datafield>
  <datafield tag="371" ind1=" " ind2=" ">
    <subfield code="m">jgordonnembhard@gmail.com</subfield>
  </datafield>
  <datafield tag="373" ind1=" " ind2=" ">
    <subfield code="a">John Jay College of Criminal Justice</subfield>
    <subfield code="2">naf</subfield>
  </datafield>
  <datafield tag="375" ind1=" " ind2=" ">
    <subfield code="a">female</subfield>
  </datafield>
  <datafield tag="377" ind1=" " ind2=" ">
    <subfield code="a">eng</subfield>
  </datafield>
  <datafield tag="400" ind1="1" ind2=" ">
    <subfield code="a">Nembhard, Jessica Gordon,</subfield>
    <subfield code="d">1956-</subfield>
  </datafield>
  <datafield tag="400" ind1="1" ind2=" ">
    <subfield code="a">Gordon, Jessica G.,</subfield>
    <subfield code="d">1956-</subfield>
  </datafield>
  <datafield tag="670" ind1=" " ind2=" ">
    <subfield code="a">A History of Belize, 1983:</subfield>
    <subfield code="b">p. 2 of cover (Jessica G. Gordon)</subfield>
  </datafield>
  <datafield tag="670" ind1=" " ind2=" ">
    <subfield code="a">Her The nation we are making, 1990:</subfield>
    <subfield code="b">t.p. (Jessica Gordon Nembhard) p. 127 (b. New York City, July 3, 1956; resides in Belmopan, Belize)</subfield>
  </datafield>
  <datafield tag="670" ind1=" " ind2=" ">
    <subfield code="a">LCCN 2006015257: Her Wealth accumulation &amp; communities of color in the United States, c2006:</subfield>
    <subfield code="b">t.p. (Jessica Gordon Nembhard) spine, pbk. ed. (info. from WaTU) (Gordon Nembhard) about the authors (alphabetized under "G")</subfield>
  </datafield>
  <datafield tag="670" ind1=" " ind2=" ">
    <subfield code="a">Collective courage, 2014:</subfield>
    <subfield code="b">ECIP title page (Jessica Gordon Nembhard) data view (Birth Date: 1956; Email: jgordonnembhard@gmail.com; Professor of Africana Studies, John Jay College, CUNY)</subfield>
  </datafield>
</record>